@article{krw12,
  author    = {Akinori Kawachi and
               Benjamin Rossman and
               Osamu Watanabe},
  title     = {Query Complexity and Error Tolerance of Witness Finding
               Algorithms},
  journal   = {Electronic Colloquium on Computational Complexity (ECCC)},
  volume    = {19},
  year      = {2012},
  pages     = {2},
  url       = {http://eccc.hpi-web.de/report/2012/002},
  bibsource = {DBLP, http://dblp.uni-trier.de}
}

@inproceedings{krw14,
  author    = {Akinori Kawachi and
               Benjamin Rossman and
               Osamu Watanabe},
  title     = {The Query Complexity of Witness Finding},
  booktitle = {CSR},
  year      = {2014},
  pages     = {218--231},
  doi       = {10.1007/978-3-319-06686-8_17},
  crossref  = {csr14},
  bibsource = {DBLP, http://dblp.uni-trier.de}
}

@proceedings{csr14,
  editor    = {Edward A. Hirsch and
               Sergei O. Kuznetsov and
               Jean-{\'E}ric Pin and
               Nikolay K. Vereshchagin},
  title     = {Computer Science - Theory and Applications - 9th International
               Computer Science Symposium in Russia, CSR 2014, Moscow,
               Russia, June 7-11, 2014. Proceedings},
  booktitle = {CSR},
  publisher = {Springer},
  series    = {Lecture Notes in Computer Science},
  volume    = {8476},
  year      = {2014},
  isbn      = {978-3-319-06685-1},
  doi       = {10.1007/978-3-319-06686-8},
  bibsource = {DBLP, http://dblp.uni-trier.de}
}

@article{dkvmw13,
  author    = {Holger Dell and
               Valentine Kabanets and
               Dieter van Melkebeek and
               Osamu Watanabe},
  title     = {Is Valiant-Vazirani's isolation probability improvable?},
  journal   = {Computational Complexity},
  volume    = {22},
  number    = {2},
  year      = {2013},
  pages     = {345--383},
  doi       = {10.1007/s00037-013-0059-7},
  bibsource = {DBLP, http://dblp.uni-trier.de}
}

@article{newport14,
  author    = {Calvin C. Newport},
  title     = {Radio Network Lower Bounds Made Easy},
  journal   = {CoRR},
  volume    = {abs/1405.7300},
  year      = {2014},
  url       = {http://arxiv.org/abs/1405.7300},
  bibsource = {DBLP, http://dblp.uni-trier.de}
}

@article{bgi92,
  title={{On the Time- \linebreak Complexity of Broadcast in Multi-hop Radio Networks: An Exponential Gap between Determinism and Randomization}},
  author={Bar-Yehuda, Reuven and Goldreich, Oded and Itai, Alon},
  journal={Journal of Computer and System Sciences},
  volume=45,
  number=1,
  pages={104--126},
  year=1992,
  publisher={Elsevier}
}

@article{bg82,
  title = "On the Unique Satisfiability Problem",
  journal = "Information and Control",
  volume = 55,
  number = "1--3",
  pages = "80--88",
  year = 1982,
  issn = "0019-9958",
  doi = "10.1016/S0019-9958(82)90439-9",
  author = "Andreas Blass and Yuri Gurevich"
}

@article{ablp91,
  title = "A lower bound for radio broadcast",
  journal = "Journal of Computer and System Sciences",
  volume = 43,
  number = 2,
  pages = "290--298",
  year = 1991,
  issn = "0022-0000",
  doi = "10.1016/0022-0000(91)90015-W",
  author = "Noga Alon and Amotz Bar-Noy and Nathan Linial and David Peleg"
}

@article{bcgl92,
  title = "On the Theory of Average Case Complexity",
  journal = "Journal of Computer and System Sciences",
  volume = 44,
  number = 2,
  pages = "193--219",
  year = 1992,
  issn = "0022-0000",
  doi = "10.1016/0022-0000(92)90019-F",
  author = "Shai Ben-David and Benny Chor and Oded Goldreich and Michel Luby"
}

@article{green93,
  year = 1993,
  issn = {0025-5661},
  journal = {Mathematical Systems Theory},
  volume = 26,
  number = 2,
  doi = {10.1007/BF01202284},
  title = {On the Power of Deterministic Reductions to C=P},
  publisher = {Springer-Verlag},
  author = {Green, Frederic},
  pages = {215--233}
}
